<record><leader>00000cas a22000007a 4500</leader><controlfield tag="001">26387918</controlfield><controlfield tag="008">920813d191119uuwyuwr ne      0    0eng d</controlfield><datafield ind1=" " ind2=" " tag="010"><subfield code="a">sn 92067158 </subfield></datafield><datafield ind1=" " ind2=" " tag="040"><subfield code="a">NVO</subfield><subfield code="b">eng</subfield><subfield code="c">NVO</subfield><subfield code="d">OCLCQ</subfield></datafield><datafield ind1=" " ind2=" " tag="042"><subfield code="a">msc</subfield></datafield><datafield ind1="0" ind2="4" tag="245"><subfield code="a">The Casper record.</subfield></datafield><datafield ind1="1" ind2="3" tag="246"><subfield code="a">Casper record and the Casper weekly press</subfield><subfield code="f">Jan. 2, 1917</subfield></datafield><datafield ind1=" " ind2=" " tag="260"><subfield code="a">Casper, Natrona County, Wyo. :</subfield><subfield code="b">H.J. Peterson</subfield></datafield><datafield ind1=" " ind2=" " tag="300"><subfield code="a">v.</subfield></datafield><datafield ind1=" " ind2=" " tag="310"><subfield code="a">Weekly</subfield></datafield><datafield ind1="0" ind2=" " tag="362"><subfield code="a">Vol. 1, no. 1 (Sept. 12, 1911)-</subfield></datafield><datafield ind1=" " ind2=" " tag="580"><subfield code="a">Absorbed: The Casper weekly press, Jan. 2, 1917.</subfield></datafield><datafield ind1=" " ind2=" " tag="580"><subfield code="a">Daily ed.: Casper daily news, &lt;July 10, 1914&gt;-&lt;Dec. 20, 1918&gt;.</subfield></datafield><datafield ind1=" " ind2="4" tag="651"><subfield code="a">Casper (Wyo.)</subfield><subfield code="v">Newspapers.</subfield></datafield><datafield ind1=" " ind2="4" tag="651"><subfield code="a">Natrona County (Wyo.)</subfield><subfield code="v">Newspapers.</subfield></datafield><datafield ind1=" " ind2=" " tag="752"><subfield code="a">United States</subfield><subfield code="b">Wyoming</subfield><subfield code="c">Natrona</subfield><subfield code="d">Casper.</subfield></datafield><datafield ind1="1" ind2=" " tag="775"><subfield code="t">Casper daily press</subfield><subfield code="w">(DLC)sn 92067156</subfield></datafield><datafield ind1="1" ind2="5" tag="780"><subfield code="t">Casper weekly press</subfield><subfield code="w">(DLC)sn 92067127</subfield></datafield><datafield ind1="1" ind2=" " tag="029"><subfield code="a">AU@</subfield><subfield code="b">000020753906</subfield></datafield></record>